@inproceedings{graham2017asymptotically,
  title={Asymptotically exact inference in differentiable generative models},
  author={Graham, Matthew and Storkey, Amos},
  booktitle={Proceedings of the 20th International Conference on Artificial Intelligence and Statistics},
  pages={499--508},
  year={2017}
}

@inproceedings{murray2016pseudo,
  title={Pseudo-marginal slice sampling},
  author={Murray, Iain and Graham, Matthew},
  booktitle={Proceedings of the 19th International Conference on Artificial Intelligence and Statistics},
  pages={911--919},
  year={2016}
}