@inproceedings{frey2002extending,
  title={Extending factor graphs so as to unify directed and undirected graphical models},
  author={Frey, Brendan J},
  booktitle={Proceedings of the Nineteenth conference on Uncertainty in Artificial Intelligence},
  pages={257--264},
  year={2002},
  organization={Morgan Kaufmann Publishers Inc.},
  url={https://arxiv.org/abs/1212.2486}
}

@book{kolmogorov1950foundations,
  title={Foundations of the {T}heory of {P}robability.},
  author={Kolmogorov, Andre{\u\i} Nikolaevich},
  year={1956},
  edition={2nd English Edition},
  publisher={Chelsea Publishing Company},
  editor={Morrison, Nathan},
  note={English translation of original 1933 German monograph, \emph{Grundbegriffe der Wahrscheinlichkeitrechnung}.},
  url={https://pdfs.semanticscholar.org/c3e1/51f71168a5f348bdebfde11752ca603fa6d0.pdf}
}

@book{pearl1988probabilistic,
  title={Probabilistic reasoning in intelligent systems: Networks of plausible inference.},
  author={Pearl, Judea},
  year={1988},
  publisher={Morgan Kaufmann}
}

@book{jaynes1996probability,
  title={Probability theory: the logic of science},
  author={Jaynes, Edwin T},
  editor={Bretthorst, G Larry},
  volume={200},
  number={3},
  year={1996},
  publisher={Cambridge University Press},
  url={http://bayes.wustl.edu/etj/prob/book.pdf}
}

@article{cox1946probability,
  title={Probability, frequency and reasonable expectation},
  author={Cox, Richard T},
  journal={American Journal of Physics},
  volume={14},
  number={1},
  pages={1--13},
  year={1946},
  publisher={American Association of Physics Teachers},
  url={http://dx.doi.org/10.1119/1.1990764}
}

@article{cox1963algebra,
  title={The algebra of probable inference},
  author={Cox, Richard T},
  journal={American Journal of Physics},
  volume={31},
  number={1},
  pages={66--67},
  year={1963},
  publisher={American Association of Physics Teachers},
  url={http://dx.doi.org/10.1119/1.1969248}
}

@book{federer1969geometric,
  title={Geometric measure theory},
  author={Federer, Herbert},
  year={1969},
  publisher={Springer}
}

@book{kindermann1980markov,
  title={Markov random fields and their applications},
  author={Kindermann, Ross and Snell, Laurie},
  year={1980},
  publisher={American Mathematical Society}
}

@unpublished{terenin2015cox,
  title={{C}ox's Theorem and the {J}aynesian Interpretation of Probability},
  author={Terenin, Alexander and Draper, David},
  year={2015},
  note={arXiv preprint},
  url={https://arxiv.org/abs/1507.06597v2}
}

@incollection{de1992foresight,
  title={Foresight: its logical laws, its subjective sources},
  author={de Finetti, Bruno},
  editor={Kyburg, H. E.},
  booktitle={Studies in Subjective Probability},
  pages={134--174},
  year={1992},
  publisher={Springer},
  note={English translation of original 1937 French article \emph{La Pr√©vision: ses lois logiques, ses sources subjectives}.}
}

@article{dietz2010directed,
  title={Directed factor graph notation for generative models},
  author={Dietz, Laura},
  journal={Max Planck Institute for Informatics, Tech. Rep},
  year={2010}
}

@inproceedings{frey1997factor,
  title={Factor graphs and algorithms},
  author={Frey, Brendan J and Kschischang, Frank R and Loeliger, Hans-Andrea and Wiberg, Niclas},
  booktitle={Proceedings of the 35th Annual Allerton Conference on Communication Control and Computing},
  year={1997}
}

@article{bauer1974computational,
  title={Computational graphs and rounding error},
  author={Bauer, Friedrich L},
  journal={SIAM Journal on Numerical Analysis},
  volume={11},
  number={1},
  pages={87--96},
  year={1974},
  publisher={SIAM}
}

@techreport{beda1959programs,
  author={Beda, L. M. and Korolev, L. N. and Sukkikh, N. V. and Frolova, T. S.},
  title={Programs for automatic differentiation for the machine {BESM}},
  type={{T}echnical {R}eport},
  institution={Institute for Precise Mechanics and Computation Techniques, Academy of Science},
  address={Moscow, USSR},
  year={1959},
  note={(In {R}ussian).},
}

@phdthesis{speelpenning1980compiling,
  title={Compiling Fast Partial Derivatives of Functions Given by Algorithms},
  author={Speelpenning, Bert},
  year={1980},
  school={University of Illinois at Urbana-Champaign}
}
@phdthesis{nolan1953analytical,
  title={Analytical differentiation on a digital computer},
  author={Nolan, John F},
  year={1953},
  school={Massachusetts {I}nstitute of {T}echnology}
}

@article{wengert1964simple,
  title={A simple automatic derivative evaluation program},
  author={Wengert, Robert Edwin},
  journal={Communications of the ACM},
  volume={7},
  number={8},
  pages={463--464},
  year={1964},
  publisher={ACM}
}

@article{baydin2015automatic,
  title={Automatic differentiation in machine learning: a survey},
  author={Baydin, Atilim Gunes and Pearlmutter, Barak A and Radul, Alexey Andreyevich and Siskind, Jeffrey Mark},
  journal={arXiv preprint arXiv:1502.05767},
  year={2015}
}
	
@article{tran2016edward,
  author = {Dustin Tran and Alp Kucukelbir and Adji B. Dieng and Maja Rudolph and Dawen Liang and David M. Blei},
  title = {{Edward: A library for probabilistic modeling, inference, and criticism}},
  journal = {arXiv preprint arXiv:1610.09787},
  year = {2016}
}

@article{gelman2015stan,
  title={Stan},
  author={Gelman, Andrew and Lee, Daniel and Guo, Jiqiang},
  journal={Journal of Educational and Behavioral Statistics},
  volume={40},
  number={5},
  pages={530--543},
  year={2015},
  publisher={American Educational Research Association}
}

@article{theano2016theano,
   author = {
     Theano Development Team and
     Rami Al-Rfou and
     Guillaume Alain and
     Amjad Almahairi and
     Christof Angermueller and
     Dzmitry Bahdanau and
     Nicolas Ballas and
     Fr\'ed\'eric Bastien and
     Justin Bayer and
     Anatoly Belikov and
     Alexander Belopolsky and
     Yoshua Bengio and
     Arnaud Bergeron and
     James Bergstra and
     Valentin Bisson and
     Josh {Bleecher Snyder} and
     Nicolas Bouchard and
     Nicolas Boulanger-Lewandowski and
     Xavier Bouthillier and
     Alexandre de Br\'ebisson and
     Olivier Breuleux and
     Pierre-Luc Carrier and
     Kyunghyun Cho and
     Jan Chorowski and
     Paul Christiano and
     Tim Cooijmans and
     Marc-Alexandre C\^ot\'e and
     Myriam C\^ot\'e and
     Aaron Courville and
     Yann N. Dauphin and
     Olivier Delalleau and
     Julien Demouth and
     Guillaume Desjardins and
     Sander Dieleman and
     Laurent Dinh and
     M\'elanie Ducoffe and
     Vincent Dumoulin and
     Samira {Ebrahimi Kahou} and
     Dumitru Erhan and
     Ziye Fan and
     Orhan Firat and
     Mathieu Germain and
     Xavier Glorot and
     Ian Goodfellow and
     Matthew M. Graham and
     Caglar Gulcehre and
     Philippe Hamel and
     Iban Harlouchet and
     Jean-Philippe Heng and
     Bal\'azs Hidasi and
     Sina Honari and
     Arjun Jain and
     S\'ebastien Jean and
     Kai Jia and
     Mikhail Korobov and
     Vivek Kulkarni and
     Alex Lamb and
     Pascal Lamblin and
     Eric Larsen and
     C\'esar Laurent and
     Sean Lee and
     Simon Lefrancois and
     Simon Lemieux and
     Nicholas L\'eonard and
     Zhouhan Lin and
     Jesse A. Livezey and
     Cory Lorenz and
     Jeremiah Lowin and
     Qianli Ma and
     Pierre-Antoine Manzagol and
     Olivier Mastropietro and
     Robert T. McGibbon and
     Roland Memisevic and
     Bart van Merri\"enboer and
     Vincent Michalski and
     Mehdi Mirza and
     Alberto Orlandi and
     Christopher Pal and
     Razvan Pascanu and
     Mohammad Pezeshki and
     Colin Raffel and
     Daniel Renshaw and
     Matthew Rocklin and
     Adriana Romero and
     Markus Roth and
     Peter Sadowski and
     John Salvatier and
     Fran\c{c}ois Savard and
     Jan Schl\"uter and
     John Schulman and
     Gabriel Schwartz and
     Iulian Vlad Serban and
     Dmitriy Serdyuk and
     Samira Shabanian and
     \'Etienne Simon and
     Sigurd Spieckermann and
     S. Ramana Subramanyam and
     Jakub Sygnowski and
     J\'er\'emie Tanguay and
     Gijs van Tulder and
     Joseph Turian and
     Sebastian Urban and
     Pascal Vincent and
     Francesco Visin and
     Harm de Vries and
     David Warde-Farley and
     Dustin J. Webb and
     Matthew Willson and
     Kelvin Xu and
     Lijun Xue and
     Li Yao and
     Saizheng Zhang and
     Ying Zhang},
 collaboration = {Theano Development Team},
    title = "{Theano: A {Python} framework for fast computation of mathematical expressions}",
  journal = {arXiv e-prints},
   volume = {abs/1605.02688},
 primaryClass = "cs.SC",
 keywords = {Computer Science - Symbolic Computation, Computer Science - Learning, Computer Science - Mathematical Software},
     year = 2016,
    month = may,
      url = {http://arxiv.org/abs/1605.02688},
}

@misc{tensorflow2015whitepaper,
title={ {TensorFlow}: Large-Scale Machine Learning on Heterogeneous Systems},
url={http://tensorflow.org/},
note={Software available from tensorflow.org},
author={
    Mart\'{\i}n~Abadi and
    Ashish~Agarwal and
    Paul~Barham and
    Eugene~Brevdo and
    Zhifeng~Chen and
    Craig~Citro and
    Greg~S.~Corrado and
    Andy~Davis and
    Jeffrey~Dean and
    Matthieu~Devin and
    Sanjay~Ghemawat and
    Ian~Goodfellow and
    Andrew~Harp and
    Geoffrey~Irving and
    Michael~Isard and
    Yangqing Jia and
    Rafal~Jozefowicz and
    Lukasz~Kaiser and
    Manjunath~Kudlur and
    Josh~Levenberg and
    Dan~Man\'{e} and
    Rajat~Monga and
    Sherry~Moore and
    Derek~Murray and
    Chris~Olah and
    Mike~Schuster and
    Jonathon~Shlens and
    Benoit~Steiner and
    Ilya~Sutskever and
    Kunal~Talwar and
    Paul~Tucker and
    Vincent~Vanhoucke and
    Vijay~Vasudevan and
    Fernanda~Vi\'{e}gas and
    Oriol~Vinyals and
    Pete~Warden and
    Martin~Wattenberg and
    Martin~Wicke and
    Yuan~Yu and
    Xiaoqiang~Zheng},
  year={2015},
}

@article{bonnet1964transformations,
  title={Transformations des signaux al{\'e}atoires a travers les systemes non lin{\'e}aires sans m{\'e}moire},
  author={Bonnet, Georges},
  journal={Annals of Telecommunications},
  volume={19},
  number={9},
  pages={203--220},
  year={1964},
  publisher={Springer}
}

@inproceedings{ruiz2016generalized,
  title={The generalized reparameterization gradient},
  author={Ruiz, Francisco JR and Titsias, Michalis K and Blei, David M},
  booktitle={Advances in Neural Information Processing Systems},
  pages={460--468},
  year={2016}
}

@inproceedings{naesseth2017reparameterization,
  title={Reparameterization Gradients through Acceptance-Rejection Sampling Algorithms},
  author={Naesseth, Christian and Ruiz, Francisco and Linderman, Scott and Blei, David},
  booktitle={Proceedings of the 20th International Conference on Artificial Intelligence and Statistics},
  pages={489--498},
  year={2017}
}

@inproceedings{rezende2014stochastic,
  title={Stochastic Backpropagation and Approximate Inference in Deep Generative Models},
  author={Rezende, Danilo Jimenez and Mohamed, Shakir and Wierstra, Daan},
  booktitle={Proceedings of The 31st International Conference on Machine Learning},
  pages={1278--1286},
  year={2014}
}

@inproceedings{kingma2013auto,
  title={Auto-Encoding Variational {B}ayes},
  author={Kingma, Diederik P and Welling, Max},
  booktitle={Proceedings of the 2nd International Conference on Learning Representations (ICLR)},
  number={2014},
  year={2013}
}

@article{price1958useful,
  title={A useful theorem for nonlinear devices having {G}aussian inputs},
  author={Price, Robert},
  journal={IRE Transactions on Information Theory},
  volume={4},
  number={2},
  pages={69--72},
  year={1958},
  publisher={IEEE}
}

@article{buntine1994operations,
  title={Operations for learning with graphical models},
  author={Buntine, Wray L},
  journal={Journal of artificial intelligence research},
  year={1994}
}

@inproceedings{maclaurin2015autograd,
  title={Autograd: Reverse-mode differentiation of native python},
  author={Maclaurin, Dougal and Duvenaud, David and Adams, Ryan P},
  booktitle={ICML workshop on Automatic Machine Learning},
  year={2015},
  note={GitHub repository: \url{https://github.com/HIPS/autograd}}
}

@misc{autograd2014autograd,
  author = {Autograd development team},
  title = {{Autograd}: Efficient computation of derivatives of NumPy code},
  year = {2014},
  publisher = {GitHub},
  journal = {GitHub repository},
  howpublished = {\url{https://github.com/HIPS/autograd}},
}

@misc{pytorch2017pytorch,
  author = {{PyTorch} development team},
  title = {{PyTorch}: Tensors and Dynamic neural networks in Python with strong GPU acceleration},
  year = {2017},
  publisher = {GitHub},
  journal = {GitHub repository},
  howpublished = {\url{https://github.com/pytorch/pytorch}},
}

@article{carpenter2015stan,
  title={{T}he {S}tan {M}ath {L}ibrary: Reverse-Mode Automatic Differentiation in {C++}},
  author={Carpenter, Bob and Hoffman, Matthew D and Brubaker, Marcus and Lee, Daniel and Li, Peter and Betancourt, Michael},
  journal={arXiv preprint arXiv:1509.07164},
  year={2015}
}	