@inproceedings{frey2002extending,
  title={Extending factor graphs so as to unify directed and undirected graphical models},
  author={Frey, Brendan J},
  booktitle={Proceedings of the Nineteenth conference on Uncertainty in Artificial Intelligence},
  pages={257--264},
  year={2002},
  organization={Morgan Kaufmann Publishers Inc.},
  url={https://arxiv.org/abs/1212.2486}
}

@book{kolmogorov1950foundations,
  title={Foundations of the {T}heory of {P}robability.},
  author={Kolmogorov, Andre{\u\i} Nikolaevich},
  year={1956},
  edition={2nd English Edition},
  publisher={Chelsea Publishing Company},
  editor={Morrison, Nathan},
  note={English translation of original 1933 German monograph, \emph{Grundbegriffe der Wahrscheinlichkeitrechnung}.},
  url={https://pdfs.semanticscholar.org/c3e1/51f71168a5f348bdebfde11752ca603fa6d0.pdf}
}

@book{pearl1988probabilistic,
  title={Probabilistic reasoning in intelligent systems: Networks of plausible inference.},
  author={Pearl, Judea},
  year={1988},
  publisher={Morgan Kaufmann}
}

@book{jaynes1996probability,
  title={Probability theory: the logic of science},
  author={Jaynes, Edwin T},
  editor={Bretthorst, G Larry},
  volume={200},
  number={3},
  year={1996},
  publisher={Cambridge University Press},
  url={http://bayes.wustl.edu/etj/prob/book.pdf}
}

@article{cox1946probability,
  title={Probability, frequency and reasonable expectation},
  author={Cox, Richard T},
  journal={American Journal of Physics},
  volume={14},
  number={1},
  pages={1--13},
  year={1946},
  publisher={American Association of Physics Teachers},
  url={http://dx.doi.org/10.1119/1.1990764}
}

@article{cox1963algebra,
  title={The algebra of probable inference},
  author={Cox, Richard T},
  journal={American Journal of Physics},
  volume={31},
  number={1},
  pages={66--67},
  year={1963},
  publisher={American Association of Physics Teachers},
  url={http://dx.doi.org/10.1119/1.1969248}
}

@book{federer1969geometric,
  title={Geometric measure theory},
  author={Federer, Herbert},
  year={1969},
  publisher={Springer}
}

@book{kindermann1980markov,
  title={Markov random fields and their applications},
  author={Kindermann, Ross and Snell, Laurie},
  year={1980},
  publisher={American Mathematical Society}
}

@unpublished{terenin2015cox,
  title={{C}ox's Theorem and the {J}aynesian Interpretation of Probability},
  author={Terenin, Alexander and Draper, David},
  year={2015},
  note={arXiv preprint},
  url={https://arxiv.org/abs/1507.06597v2}
}

@incollection{de1992foresight,
  title={Foresight: its logical laws, its subjective sources},
  author={de Finetti, Bruno},
  editor={Kyburg, H. E.},
  booktitle={Studies in Subjective Probability},
  pages={134--174},
  year={1992},
  publisher={Springer},
  note={English translation of original 1937 French article \emph{La Pr√©vision: ses lois logiques, ses sources subjectives}.}
}

@article{dietz2010directed,
  title={Directed factor graph notation for generative models},
  author={Dietz, Laura},
  journal={Max Planck Institute for Informatics, Tech. Rep},
  year={2010}
}

@inproceedings{frey1997factor,
  title={Factor graphs and algorithms},
  author={Frey, Brendan J and Kschischang, Frank R and Loeliger, Hans-Andrea and Wiberg, Niclas},
  booktitle={Proceedings of the 35th Annual Allerton Conference on Communication Control and Computing},
  year={1997}
}

@article{bauer1974computational,
  title={Computational graphs and rounding error},
  author={Bauer, Friedrich L},
  journal={SIAM Journal on Numerical Analysis},
  volume={11},
  number={1},
  pages={87--96},
  year={1974},
  publisher={SIAM}
}

@techreport{beda1959programs,
  author={Beda, L. M. and Korolev, L. N. and Sukkikh, N. V. and Frolova, T. S.},
  title={Programs for automatic differentiation for the machine {BESM}},
  type={{T}echnical {R}eport},
  institution={Institute for Precise Mechanics and Computation Techniques, Academy of Science},
  address={Moscow, USSR},
  year={1959},
  note={(In {R}ussian).},
}

@phdthesis{speelpenning1980compiling,
  title={Compiling Fast Partial Derivatives of Functions Given by Algorithms},
  author={Speelpenning, Bert},
  year={1980},
  school={University of Illinois at Urbana-Champaign}
}
@phdthesis{nolan1953analytical,
  title={Analytical differentiation on a digital computer},
  author={Nolan, John F},
  year={1953},
  school={Massachusetts {I}nstitute of {T}echnology}
}

@article{wengert1964simple,
  title={A simple automatic derivative evaluation program},
  author={Wengert, Robert Edwin},
  journal={Communications of the ACM},
  volume={7},
  number={8},
  pages={463--464},
  year={1964},
  publisher={ACM}
}

@article{baydin2015automatic,
  title={Automatic differentiation in machine learning: a survey},
  author={Baydin, Atilim Gunes and Pearlmutter, Barak A and Radul, Alexey Andreyevich and Siskind, Jeffrey Mark},
  journal={arXiv preprint arXiv:1502.05767},
  year={2015}
}
	
@article{tran2016edward,
  author = {Dustin Tran and Alp Kucukelbir and Adji B. Dieng and Maja Rudolph and Dawen Liang and David M. Blei},
  title = {{Edward: A library for probabilistic modeling, inference, and criticism}},
  journal = {arXiv preprint arXiv:1610.09787},
  year = {2016}
}

@article{gelman2015stan,
  title={Stan: A probabilistic programming language for Bayesian inference and optimization.},
  author={Gelman, Andrew and Lee, Daniel and Guo, Jiqiang},
  journal={Journal of Educational and Behavioral Statistics},
  volume={40},
  number={5},
  pages={530--543},
  year={2015},
  publisher={American Educational Research Association}
}

@article{theano2016theano,
   author = {
     Theano Development Team and
     Rami Al-Rfou and
     Guillaume Alain and
     Amjad Almahairi and
     Christof Angermueller and
     Dzmitry Bahdanau and
     Nicolas Ballas and
     Fr\'ed\'eric Bastien and
     Justin Bayer and
     Anatoly Belikov and
     Alexander Belopolsky and
     Yoshua Bengio and
     Arnaud Bergeron and
     James Bergstra and
     Valentin Bisson and
     Josh {Bleecher Snyder} and
     Nicolas Bouchard and
     Nicolas Boulanger-Lewandowski and
     Xavier Bouthillier and
     Alexandre de Br\'ebisson and
     Olivier Breuleux and
     Pierre-Luc Carrier and
     Kyunghyun Cho and
     Jan Chorowski and
     Paul Christiano and
     Tim Cooijmans and
     Marc-Alexandre C\^ot\'e and
     Myriam C\^ot\'e and
     Aaron Courville and
     Yann N. Dauphin and
     Olivier Delalleau and
     Julien Demouth and
     Guillaume Desjardins and
     Sander Dieleman and
     Laurent Dinh and
     M\'elanie Ducoffe and
     Vincent Dumoulin and
     Samira {Ebrahimi Kahou} and
     Dumitru Erhan and
     Ziye Fan and
     Orhan Firat and
     Mathieu Germain and
     Xavier Glorot and
     Ian Goodfellow and
     Matthew M. Graham and
     Caglar Gulcehre and
     Philippe Hamel and
     Iban Harlouchet and
     Jean-Philippe Heng and
     Bal\'azs Hidasi and
     Sina Honari and
     Arjun Jain and
     S\'ebastien Jean and
     Kai Jia and
     Mikhail Korobov and
     Vivek Kulkarni and
     Alex Lamb and
     Pascal Lamblin and
     Eric Larsen and
     C\'esar Laurent and
     Sean Lee and
     Simon Lefrancois and
     Simon Lemieux and
     Nicholas L\'eonard and
     Zhouhan Lin and
     Jesse A. Livezey and
     Cory Lorenz and
     Jeremiah Lowin and
     Qianli Ma and
     Pierre-Antoine Manzagol and
     Olivier Mastropietro and
     Robert T. McGibbon and
     Roland Memisevic and
     Bart van Merri\"enboer and
     Vincent Michalski and
     Mehdi Mirza and
     Alberto Orlandi and
     Christopher Pal and
     Razvan Pascanu and
     Mohammad Pezeshki and
     Colin Raffel and
     Daniel Renshaw and
     Matthew Rocklin and
     Adriana Romero and
     Markus Roth and
     Peter Sadowski and
     John Salvatier and
     Fran\c{c}ois Savard and
     Jan Schl\"uter and
     John Schulman and
     Gabriel Schwartz and
     Iulian Vlad Serban and
     Dmitriy Serdyuk and
     Samira Shabanian and
     \'Etienne Simon and
     Sigurd Spieckermann and
     S. Ramana Subramanyam and
     Jakub Sygnowski and
     J\'er\'emie Tanguay and
     Gijs van Tulder and
     Joseph Turian and
     Sebastian Urban and
     Pascal Vincent and
     Francesco Visin and
     Harm de Vries and
     David Warde-Farley and
     Dustin J. Webb and
     Matthew Willson and
     Kelvin Xu and
     Lijun Xue and
     Li Yao and
     Saizheng Zhang and
     Ying Zhang},
 collaboration = {Theano Development Team},
    title = "{Theano: A {Python} framework for fast computation of mathematical expressions}",
  journal = {arXiv e-prints},
   volume = {abs/1605.02688},
 primaryClass = "cs.SC",
 keywords = {Computer Science - Symbolic Computation, Computer Science - Learning, Computer Science - Mathematical Software},
     year = 2016,
    month = may,
      url = {http://arxiv.org/abs/1605.02688},
}

@misc{tensorflow2015whitepaper,
title={ {TensorFlow}: Large-Scale Machine Learning on Heterogeneous Systems},
url={http://tensorflow.org/},
note={Software available from tensorflow.org},
author={
    Mart\'{\i}n~Abadi and
    Ashish~Agarwal and
    Paul~Barham and
    Eugene~Brevdo and
    Zhifeng~Chen and
    Craig~Citro and
    Greg~S.~Corrado and
    Andy~Davis and
    Jeffrey~Dean and
    Matthieu~Devin and
    Sanjay~Ghemawat and
    Ian~Goodfellow and
    Andrew~Harp and
    Geoffrey~Irving and
    Michael~Isard and
    Yangqing Jia and
    Rafal~Jozefowicz and
    Lukasz~Kaiser and
    Manjunath~Kudlur and
    Josh~Levenberg and
    Dan~Man\'{e} and
    Rajat~Monga and
    Sherry~Moore and
    Derek~Murray and
    Chris~Olah and
    Mike~Schuster and
    Jonathon~Shlens and
    Benoit~Steiner and
    Ilya~Sutskever and
    Kunal~Talwar and
    Paul~Tucker and
    Vincent~Vanhoucke and
    Vijay~Vasudevan and
    Fernanda~Vi\'{e}gas and
    Oriol~Vinyals and
    Pete~Warden and
    Martin~Wattenberg and
    Martin~Wicke and
    Yuan~Yu and
    Xiaoqiang~Zheng},
  year={2015},
}

@article{bonnet1964transformations,
  title={Transformations des signaux al{\'e}atoires a travers les systemes non lin{\'e}aires sans m{\'e}moire},
  author={Bonnet, Georges},
  journal={Annals of Telecommunications},
  volume={19},
  number={9},
  pages={203--220},
  year={1964},
  publisher={Springer}
}

@inproceedings{ruiz2016generalized,
  title={The generalized reparameterization gradient},
  author={Ruiz, Francisco JR and Titsias, Michalis K and Blei, David M},
  booktitle={Advances in Neural Information Processing Systems},
  pages={460--468},
  year={2016}
}

@inproceedings{naesseth2017reparameterization,
  title={Reparameterization Gradients through Acceptance-Rejection Sampling Algorithms},
  author={Naesseth, Christian and Ruiz, Francisco and Linderman, Scott and Blei, David},
  booktitle={Proceedings of the 20th International Conference on Artificial Intelligence and Statistics},
  pages={489--498},
  year={2017}
}

@inproceedings{rezende2014stochastic,
  title={Stochastic Backpropagation and Approximate Inference in Deep Generative Models},
  author={Rezende, Danilo Jimenez and Mohamed, Shakir and Wierstra, Daan},
  booktitle={Proceedings of The 31st International Conference on Machine Learning},
  pages={1278--1286},
  year={2014}
}

@inproceedings{kingma2013auto,
  title={Auto-Encoding Variational {B}ayes},
  author={Kingma, Diederik P and Welling, Max},
  booktitle={Proceedings of the 2nd International Conference on Learning Representations (ICLR)},
  number={2014},
  year={2013}
}

@article{price1958useful,
  title={A useful theorem for nonlinear devices having {G}aussian inputs},
  author={Price, Robert},
  journal={IRE Transactions on Information Theory},
  volume={4},
  number={2},
  pages={69--72},
  year={1958},
  publisher={IEEE}
}

@article{buntine1994operations,
  title={Operations for learning with graphical models},
  author={Buntine, Wray L},
  journal={Journal of artificial intelligence research},
  year={1994}
}

@inproceedings{maclaurin2015autograd,
  title={Autograd: Reverse-mode differentiation of native {Python}},
  author={Maclaurin, Dougal and Duvenaud, David and Adams, Ryan P},
  booktitle={ICML workshop on Automatic Machine Learning},
  year={2015},
  note={GitHub repository: \url{https://github.com/HIPS/autograd}}
}

@misc{autograd2014autograd,
  author = {Autograd development team},
  title = {{Autograd}: Efficient computation of derivatives of {NumPy} code},
  year = {2014},
  publisher = {GitHub},
  journal = {GitHub repository},
  howpublished = {\url{https://github.com/HIPS/autograd}},
}

@misc{pytorch2017pytorch,
  author = {{PyTorch} development team},
  title = {{PyTorch}: Tensors and Dynamic neural networks in {P}ython with strong {GPU} acceleration},
  year = {2017},
  publisher = {GitHub},
  journal = {GitHub repository},
  howpublished = {\url{https://github.com/pytorch/pytorch}},
}

@article{carpenter2015stan,
  title={{T}he {S}tan {M}ath {L}ibrary: Reverse-Mode Automatic Differentiation in {C++}},
  author={Carpenter, Bob and Hoffman, Matthew D and Brubaker, Marcus and Lee, Daniel and Li, Peter and Betancourt, Michael},
  journal={arXiv preprint arXiv:1509.07164},
  year={2015}
}

@misc{murray2012bayesian,
  author={Iain Murray},
  title={A {B}ayesian approach to {Observing Dark Worlds}},
  year={2012},
  howpublished={\url{http://homepages.inf.ed.ac.uk/imurray2/pub/}},
}

@misc{salimans2012observing,
  author={Tim Salimans},
  title={{O}bserving {D}ark {W}orlds},
  year={2012},
  howpublished={\url{http://timsalimans.com/observing-dark-worlds/}}
}

@misc{kaggle2012observing,
  author={Kaggle},
  title={{O}bserving {D}ark {W}orlds},
  year={2012},
  howpublished={\url{https://www.kaggle.com/c/DarkWorlds}}
}

@article{harvey2014observing,
  title={Observing Dark Worlds: A crowdsourcing experiment for dark matter mapping},
  author={Harvey, David and Kitching, Thomas D and Noah-Vanhoucke, Joyce and Hamner, Ben and Salimans, Tim and Pires, AM},
  journal={Astronomy and Computing},
  volume={5},
  pages={35--44},
  year={2014},
  publisher={Elsevier}
}

@article{jullo2007bayesian,
  title={A {B}ayesian approach to strong lensing modelling of galaxy clusters},
  author={Jullo, Eric and Kneib, Jean-Paul and Limousin, Marceau and Eliasdottir, Ardis and Marshall, PJ and Verdugo, Tomas},
  journal={New Journal of Physics},
  volume={9},
  number={12},
  pages={447},
  year={2007},
  publisher={IOP Publishing},
  url={https://arxiv.org/abs/0706.0048}
}

@article{bartelmann2001weak,
  title={Weak gravitational lensing},
  author={Bartelmann, Matthias and Schneider, Peter},
  journal={Physics Reports},
  volume={340},
  number={4},
  pages={291--472},
  year={2001},
  publisher={Elsevier}
}

@article{massey2010dark,
  title={The dark matter of gravitational lensing},
  author={Massey, Richard and Kitching, Thomas and Richard, Johan},
  journal={Reports on Progress in Physics},
  volume={73},
  number={8},
  pages={086901},
  year={2010},
  publisher={IOP Publishing}
}

@article{box1980sampling,
  title={Sampling and {B}ayes' inference in scientific modelling and robustness},
  author={Box, George EP},
  journal={Journal of the Royal Statistical Society. Series A (General)},
  pages={383--430},
  year={1980},
  publisher={JSTOR}
}

@article{gelman2013philosophy,
  title={Philosophy and the practice of {B}ayesian statistics},
  author={Gelman, Andrew and Shalizi, Cosma Rohilla},
  journal={British Journal of Mathematical and Statistical Psychology},
  volume={66},
  number={1},
  pages={8--38},
  year={2013},
  publisher={Wiley Online Library}
}

@book{robert2007bayesian,
  title={The {B}ayesian choice: from decision-theoretic foundations to computational implementation},
  author={Robert, Christian},
  year={2007},
  publisher={Springer Science \& Business Media}
}

@article{marshall2003bayesian,
  title={Bayesian joint analysis of cluster weak lensing and {S}unyaev--{Z}el'dovich effect data},
  author={Marshall, Phillip James and Hobson, Michael Paul and Slosar, An{\v{z}}e},
  journal={Monthly Notices of the Royal Astronomical Society},
  volume={346},
  number={2},
  pages={489--500},
  year={2003},
  publisher={Oxford University Press}
}

@book{davis1967numerical,
  title={Numerical Integration},
  author={Davis, Philip J. and Rabinowitz, Philip},
  lccn={66017795},
  year={1967},
  publisher={Blaisdell Publishing Company}
}

@article{kalman1960new,
  title={A new approach to linear filtering and prediction problems},
  author={Kalman, Rudolph Emil},
  journal={Journal of Basic Engineering},
  volume={82},
  number={1},
  pages={35--45},
  year={1960}
}

@article{stratonovich1960conditional,
  author = {R. L. Stratonovich},
  title = {Conditional {M}arkov {P}rocesses},
  journal = {Theory of Probability \& Its Applications},
  volume = {5},
  number = {2},
  pages = {156-178},
  year = {1960},
  doi = {10.1137/1105015},
  url = {http://dx.doi.org/10.1137/1105015}
}

@article{lauritzen1988local,
  title={Local computations with probabilities on graphical structures and their application to expert systems},
  author={Lauritzen, Steffen L and Spiegelhalter, David J},
  journal={Journal of the Royal Statistical Society. Series B (Methodological)},
  pages={157--224},
  year={1988},
  publisher={JSTOR},
  doi= {10.2307/2345762}
}

@book{mackay2003information,
  title={Information theory, inference and learning algorithms},
  author={MacKay, David JC},
  year={2003},
  publisher={Cambridge University Press}
}

@inproceedings{minka2009gates,
  title={Gates: a graphical notation for mixture models},
  author={Minka, Tom and Winn, John},
  booktitle={Advances in Neural Information Processing Systems},
  pages={1073--1080},
  year={2009}
}

@book{bishop2006pattern,
  title={Pattern Recognition and Machine Learning},
  author={Bishop, C.M.},
  isbn={9780387310732},
  lccn={2006922522},
  series={Information Science and Statistics},
  year={2006},
  publisher={Springer}
}

@article{blei2017variational,
  title={Variational inference: A review for statisticians},
  author={Blei, David M and Kucukelbir, Alp and McAuliffe, Jon D},
  journal={Journal of the American Statistical Association},
  number={just-accepted},
  year={2017},
  publisher={Taylor \& Francis}
}

@article{gobbo2015extended,
  title={Extended {H}amiltonian approach to continuous tempering},
  author={Gobbo, Gianpaolo and Leimkuhler, Benedict J},
  journal={Physical Review E},
  year={2015},
}

@article{duane1987hybrid,
  title={{H}ybrid {M}onte {C}arlo},
  author={Duane, Simon and Kennedy, Anthony D and Pendleton, Brian J and Roweth, Duncan},
  journal={Physics Letters B},
  year={1987},
}

@inproceedings{carlson2016partition,
  title={Partition Functions from {R}ao-{B}lackwellized Tempered Sampling},
  author={Carlson, David and Stinson, Patrick and Pakman, Ari and Paninski, Liam},
  booktitle={Proceedings of The 33rd International Conference on Machine Learning},
  year={2016}
}

@article{neal2011mcmc,
  title={{MCMC} using {H}amiltonian dynamics},
  author={Neal, Radford M},
  journal={Handbook of {M}arkov {C}hain {M}onte {C}arlo},
  year={2011}
}

@article{carpenter2016stan,
  title={{S}tan: A probabilistic programming language},
  author={Carpenter, Bob and Gelman, Andrew and Hoffman, Matt and Lee, Daniel and Goodrich, Ben and Betancourt, Michael and Brubaker, Michael A and Guo, Jiqiang and Li, Peter and Riddell, Allen},
  journal={Journal of Statistical Software},
  year={2016}
}

@article{salvatier2016probabilistic,
  title={Probabilistic programming in {Python} using {PyMC3}},
  author={Salvatier, John and Wiecki, Thomas V and Fonnesbeck, Christopher},
  journal={PeerJ Computer Science},
  year={2016},
}

@article{hoffman2014no,
  title={The {N}o-{U}-turn sampler: adaptively setting path lengths in {H}amiltonian {M}onte {C}arlo.},
  author={Hoffman, Matthew D and Gelman, Andrew},
  journal={Journal of Machine Learning Research},
  year={2014}
}

@article{betancourt2014adiabatic,
  title={Adiabatic {M}onte {C}arlo},
  author={Betancourt, MJ},
  journal={arXiv preprint arXiv:1405.3489},
  year={2014}
}

@article{nishimura2016geometrically,
  title={Geometrically {T}empered {H}amiltonian {M}onte {C}arlo},
  author={Nishimura, Akihiko and Dunson, David},
  journal={arXiv preprint arXiv:1604.00872},
  year={2016}
}

@book{leimkuhler2004simulating,
  title={Simulating {H}amiltonian dynamics},
  author={Leimkuhler, Benedict and Reich, Sebastian},
  year={2004},
  publisher={Cambridge University Press}
}

@incollection{betancourt2013general,
  title={A general metric for {R}iemannian manifold {H}amiltonian {M}onte {C}arlo},
  author={Betancourt, Michael},
  booktitle={Geometric Science of Information},
  year={2013},
}

@article{swendsen1986replica,
  title={Replica {M}onte {C}arlo simulation of spin-glasses},
  author={Swendsen, Robert H and Wang, Jian-Sheng},
  journal={Physical Review Letters},
  year={1986},
}

@article{marinari1992simulated,
  title={Simulated tempering: a new {M}onte {C}arlo scheme},
  author={Marinari, Enzo and Parisi, Giorgio},
  journal={Europhysics Letters},
  year={1992},
}

@article{neal1996sampling,
  title={Sampling from multimodal distributions using tempered transitions},
  author={Neal, Radford M},
  journal={Statistics and Computing},
  year={1996},
}

@article{kirkpatrick1983optimization,
  title={Optimization by simulated annealing},
  author={Kirkpatrick, Scott and Gelatt, C Daniel and Vecchi, Mario P and others},
  journal={Science},
  year={1983},
}

@article{earl2005parallel,
  title={Parallel tempering: theory, applications, and new perspectives},
  author={Earl, David J and Deem, Michael W},
  journal={Physical Chemistry Chemical Physics},
  year={2005},
}

@article{neal2001annealed,
  title={Annealed importance sampling},
  author={Neal, Radford M},
  journal={Statistics and Computing},
  year={2001},
}

@article{sohl2012hamiltonian,
  title={Hamiltonian annealed importance sampling for partition function estimation},
  author={Sohl-Dickstein, Jascha and Culpepper, Benjamin J},
  journal={arXiv preprint arXiv:1205.1925},
  year={2012}
}

@article{gelman1998simulating,
  title={Simulating normalizing constants: From importance sampling to bridge sampling to path sampling},
  author={Gelman, Andrew and Meng, Xiao-Li},
  journal={Statistical science},
  year={1998},
}

@article{geyer1991markov,
  title={Markov chain {M}onte {C}arlo maximum likelihood},
  author={Geyer, Charles J},
  journal={Computer Science and Statistics},
  year={1991},
}

@article{behrens2012tuning,
  title={Tuning tempered transitions},
  author={Behrens, Gundula and Friel, Nial and Hurn, Merrilee},
  journal={Statistics and computing},
  year={2012},
}

@article{laio2002escaping,
  title={Escaping free-energy minima},
  author={Laio, Alessandro and Parrinello, Michele},
  journal={Proceedings of the National Academy of Sciences},
  year={2002},
}

@article{bonomi2009reconstructing,
  title={Reconstructing the equilibrium {B}oltzmann distribution from well-tempered metadynamics},
  author={Bonomi, Massimiliano and Barducci, Alessandro and Parrinello, Michele},
  journal={Journal of computational chemistry},
  year={2009},
}

@article{kucukelbir2016automatic,
  title={Automatic Differentiation Variational Inference},
  author={Kucukelbir, Alp and Tran, Dustin and Ranganath, Rajesh and Gelman, Andrew and Blei, David M},
  journal={arXiv preprint arXiv:1603.00788},
  year={2016}
}


@article{minka2001expectation,
  title={Expectation propagation for approximate {B}ayesian inference},
  author={Minka, Thomas P},
  journal={Proceedings of the Seventeenth conference on Uncertainty in Artificial Intelligence},
  year={2001},
}

@article{zobay2009mean,
  title={Mean field inference for the {D}irichlet process mixture model},
  author={Zobay, Oliver},
  journal={Electronic Journal of Statistics},
  year={2009},
}

@inproceedings{salimans2015markov,
  title={Markov chain {M}onte {C}arlo and variational inference: Bridging the gap},
  author={Salimans, Tim and Kingma, Diederik P and Welling, Max},
  booktitle={International Conference on Machine Learning},
  year={2015}
}

@inproceedings{rezende2015variational,
  title={Variational Inference with Normalizing Flows},
  author={Rezende, Danilo and Mohamed, Shakir},
  booktitle={Proceedings of The 32nd International Conference on Machine Learning},
  year={2015}
}

@inproceedings{zhang2012continuous,
  title={Continuous relaxations for discrete {H}amiltonian {M}onte {C}arlo},
  author={Zhang, Yichuan and Ghahramani, Zoubin and Storkey, Amos J and Sutton, Charles A},
  booktitle={Advances in Neural Information Processing Systems},
  year={2012}
}

@article{geyer1995annealing,
  title={Annealing {M}arkov chain {M}onte {C}arlo with applications to ancestral inference},
  author={Geyer, Charles J and Thompson, Elizabeth A},
  journal={Journal of the American Statistical Association},
  year={1995}
}

@article{wu2016quantitative,
  title={On the Quantitative Analysis of Decoder-Based Generative Models},
  author={Wu, Yuhuai and Burda, Yuri and Salakhutdinov, Ruslan and Grosse, Roger},
  journal={arXiv preprint arXiv:1611.04273},
  year={2016}
}

@inproceedings{salakhutdinov2008quantitative,
  title={On the quantitative analysis of deep belief networks},
  author={Salakhutdinov, Ruslan and Murray, Iain},
  booktitle={Proceedings of the 25th International Conference on Machine learning},
  year={2008},
}

@article{grosse2015sandwiching,
  title={Sandwiching the marginal likelihood using bidirectional {M}onte {C}arlo},
  author={Grosse, Roger and Ghahramani, Zoubin and Adams, Ryan P},
  journal={arXiv preprint arXiv:1511.02543},
  year={2015}
}

@inproceedings{burda2016importance,
  title={Importance weighted autoencoders},
  author={Burda, Yuri and Grosse, Roger and Salakhutdinov, Ruslan},
  booktitle={Proceedings of the International Conference on Learning Representations (ICLR)},
  year={2016}
}

@article{geman1984stochastic,
  title={Stochastic relaxation, {G}ibbs distributions, and the {B}ayesian restoration of images},
  author={Geman, Stuart and Geman, Donald},
  journal={IEEE Transactions on pattern analysis and machine intelligence},
  year={1984},
}

@article{metropolis1953equation,
  title={Equation of state calculations by fast computing machines},
  author={Metropolis, Nicholas and Rosenbluth, Arianna W and Rosenbluth, Marshall N and Teller, Augusta H and Teller, Edward},
  journal={The Journal of Chemical Physics},
  year={1953},
}

@article{hastings1970monte,
  title={{M}onte {C}arlo sampling methods using {M}arkov chains and their applications},
  author={Hastings, W Keith},
  journal={Biometrika},
  year={1970},
}

@article{gubernatis2005marshall,
  author = {J. E. Gubernatis},
  title = {Marshall Rosenbluth and the Metropolis algorithm},
  journal = {Physics of Plasmas},
  volume = {12},
  number = {5},
  pages = {057303},
  year = {2005},
  URL = {http://dx.doi.org/10.1063/1.1887186}
}

@article{gelfand1990sampling,
  title={Sampling-based approaches to calculating marginal densities},
  author={Gelfand, Alan E and Smith, Adrian FM},
  journal={Journal of the American Statistical Association},
  year={1990},
}

@article{robert2011short,
  title={A short history of {M}arkov {C}hain {M}onte {C}arlo: subjective recollections from incomplete data},
  author={Robert, Christian and Casella, George},
  journal={Statistical Science},
  year={2011}
}

@article{neal2003slice,
  title={Slice sampling},
  author={Neal, Radford M},
  journal={Annals of statistics},
  year={2003},
}

@inproceedings{de2001variational,
  title={Variational {MCMC}},
  author={De Freitas, Nando and H{\o}jen-S{\o}rensen, Pedro and Jordan, Michael I and Russell, Stuart},
  booktitle={Proceedings of the Seventeenth Conference on Uncertainty in Artificial Intelligence},
  year={2001},
}

@book{parisi1998statistical,
  title={Statistical Field Theory},
  author={Parisi, G.},
  isbn={9780738200514},
  lccn={98088187},
  series={Advanced book classics},
  url={https://books.google.co.uk/books?id=y0-8xQOw6FcC},
  year={1998},
  publisher={Avalon Publishing}
}

@article{peterson1987mean,
  title={A mean field theory learning algorithm for neural networks},
  author={Peterson, Carsten and Anderson, James R},
  journal={Complex systems},
  year={1987}
}

@inproceedings{jaakkola1996computing,
  title={Computing upper and lower bounds on likelihoods in intractable networks},
  author={Jaakkola, Tommi S and Jordan, Michael I},
  booktitle={Proceedings of the Twelfth International Conference on Uncertainty in Artificial Intelligence},
  year={1996},
}

@article{saul1996mean,
  title={Mean field theory for sigmoid belief networks},
  author={Saul, Lawrence K and Jaakkola, Tommi and Jordan, Michael I},
  journal={Journal of Artificial Intelligence Research},
  year={1996}
}

@article{hoffman2013stochastic,
  title={Stochastic variational inference.},
  author={Hoffman, Matthew D and Blei, David M and Wang, Chong and Paisley, John William},
  journal={Journal of Machine Learning Research},
  year={2013}
}

@inproceedings{ranganath2014black,
  title={Black Box Variational Inference},
  author={Ranganath, Rajesh and Gerrish, Sean and Blei, David},
  booktitle={Proceedings of the Seventeenth International Conference on Artificial Intelligence and Statistics},
  year={2014}
}

@article{betancourt2015hamiltonian,
  title={{H}amiltonian {M}onte {C}arlo for hierarchical models},
  author={Betancourt, Michael and Girolami, Mark},
  journal={Current trends in Bayesian methodology with applications},
  year={2015},
}

@inproceedings{li2016renyi,
  title={R{\'e}nyi divergence variational inference},
  author={Li, Yingzhen and Turner, Richard E},
  booktitle={Advances in Neural Information Processing Systems},
  year={2016}
}

@article{dieng2016chi,
  title={The $\chi $-Divergence for Approximate Inference},
  author={Dieng, Adji B and Tran, Dustin and Ranganath, Rajesh and Paisley, John and Blei, David M},
  journal={arXiv preprint arXiv:1611.00328},
  year={2016}
}

@inbook{gelman2006data,
  title={Data analysis using regression and multilevel/hierarchical models},
  author={Gelman, Andrew and Hill, Jennifer},
  chapter={12: Multilevel Linear Models: the Basics},
  year={2006},
  publisher={Cambridge University Press}
}

@article{lecun1998gradient,
  title={Gradient-based learning applied to document recognition},
  author={LeCun, Yann and Bottou, L{\'e}on and Bengio, Yoshua and Haffner, Patrick},
  journal={Proceedings of the IEEE},
  year={1998},
  publisher={IEEE}
}

@article{lake2015human,
  title={Human-level concept learning through probabilistic program induction},
  author={Lake, Brenden M and Salakhutdinov, Ruslan and Tenenbaum, Joshua B},
  journal={Science},
  year={2015},
  publisher={American Association for the Advancement of Science}
}

@inproceedings{saul1996exploiting,
  title={Exploiting tractable substructures in intractable networks},
  author={Saul, Lawrence K and Jordan, Michael I},
  booktitle={Advances in Neural Information Processing Systems},
  pages={486--492},
  year={1996}
}

@inproceedings{barber1999tractable,
  title={Tractable variational structures for approximating graphical models},
  author={Barber, David and Wiegerinck, Wim},
  booktitle={Advances in Neural Information Processing Systems},
  pages={183--189},
  year={1999}
}

@inproceedings{hoffman2015structured,
  title={Structured stochastic  variational inference},
  author={Hoffman, Matthew and Blei, David},
  booktitle={Artificial Intelligence and Statistics},
  pages={361--369},
  year={2015}
}

@article{sheth2016monte,
  title={Monte Carlo Structured SVI for Non-Conjugate Models},
  author={Sheth, Rishit and Khardon, Roni},
  journal={arXiv preprint arXiv:1612.03957},
  year={2016}
}

@inproceedings{renyi1961measures,
  title={On measures of entropy and information},
  author={R{\'e}nyi, Alfr{\'e}d},
  booktitle={Proceedings of the Fourth Berkeley Symposium on Mathematical Statistics and Probability},
  volume={1},
  pages={547--561},
  year={1961}
}

@article{van2014renyi,
  title={{R}{\'e}nyi divergence and {K}ullback-{L}eibler divergence},
  author={van Erven, Tim and Harremos, Peter},
  journal={IEEE Transactions on Information Theory},
  volume={60},
  number={7},
  pages={3797--3820},
  year={2014},
  publisher={IEEE}
}

@article{kullback1951information,
  title={On information and sufficiency},
  author={Kullback, Solomon and Leibler, Richard A},
  journal={The Annals of Mathematical Statistics},
  volume={22},
  number={1},
  pages={79--86},
  year={1951},
  publisher={JSTOR}
}

@article{winn2005variational,
  title={Variational message passing},
  author={Winn, John and Bishop, Christopher M},
  journal={Journal of Machine Learning Research},
  volume={6},
  number={Apr},
  pages={661--694},
  year={2005}
}

@inproceedings{bishop2002vibes,
  title={VIBES: A variational inference engine for Bayesian networks},
  author={Bishop, Christopher M and Spiegelhalter, David and Winn, John},
  booktitle={Advances in Neural Information Processing Systems},
  volume={15},
  pages={777--784},
  year={2002}
}

@misc{minka2014infer,
  title={Infer.NET},
  author={Minka, Tom and Winn, John and Guiver, John and Knowles, David and Bronksill, John and Webster, Sam and Zakyov, Yordan},
  journal={Microsoft Research Cambridge},
  year={2014}
}

@article{diggle1984monte,
  title={{M}onte {C}arlo methods of inference for implicit statistical models},
  author={Diggle, Peter J and Gratton, Richard J},
  journal={Journal of the Royal Statistical Society. Series B (Methodological)},
  pages={193--227},
  year={1984},
  publisher={JSTOR}
}

@article{wang2013variational,
  title={Variational inference in nonconjugate models},
  author={Wang, Chong and Blei, David M},
  journal={Journal of Machine Learning Research},
  volume={14},
  number={Apr},
  pages={1005--1031},
  year={2013}
}

@article{wand2011mean,
  title={Mean field variational Bayes for elaborate distributions},
  author={Wand, Matthew P and Ormerod, John T and Padoan, Simone A and Fuhrwirth, Rudolf and others},
  journal={Bayesian Analysis},
  volume={6},
  number={4},
  pages={847--900},
  year={2011},
  publisher={International Society for Bayesian Analysis}
}

@inproceedings{knowles2011non,
  title={Non-conjugate variational message passing for multinomial and binary regression},
  author={Knowles, David A and Minka, Tom},
  booktitle={Advances in Neural Information Processing Systems},
  pages={1701--1709},
  year={2011}
}

@article{braun2010variational,
  title={Variational inference for large-scale models of discrete choice},
  author={Braun, Michael and McAuliffe, Jon},
  journal={Journal of the American Statistical Association},
  volume={105},
  number={489},
  pages={324--335},
  year={2010},
  publisher={Taylor \& Francis}
}

@article{rohde2016semiparametric,
  title={Semiparametric mean field variational Bayes: General principles and numerical issues},
  author={Rohde, David and Wand, Matt P},
  journal={Journal of Machine Learning Research},
  volume={17},
  number={172},
  pages={1--47},
  year={2016}
}

@book{kloeden1992numerical,
  title={Numerical Solution of Stochastic Differential Equations},
  author={Kloeden, P.E. and Platen, E.},
  isbn={9783540540625},
  lccn={92015916},
  series={Applications of Mathematics},
  year={1992},
  publisher={Springer-Verlag}
}

@article{robbins1951stochastic,
  title={A stochastic approximation method},
  author={Robbins, Herbert and Monro, Sutton},
  journal={The Annals of Mathematical Statistics},
  pages={400--407},
  year={1951},
  publisher={JSTOR}
}

@article{sato2001online,
  title={Online model selection based on the variational {B}ayes},
  author={Sato, Masa-Aki},
  journal={Neural Computation},
  volume={13},
  number={7},
  pages={1649--1681},
  year={2001},
  publisher={MIT Press}
}

@article{amari1982differential,
  title={Differential geometry of curved exponential families-curvatures and information loss},
  author={Amari, Shun-Ichi},
  journal={The {A}nnals of {S}tatistics},
  pages={357--385},
  year={1982},
  publisher={JSTOR}
}

@inproceedings{storkey2000dynamic,
  title={Dynamic trees: A structured variational method giving efficient propagation rules},
  author={Storkey, Amos J},
  booktitle={Proceedings of the Sixteenth conference on Uncertainty in Artificial Intelligence},
  pages={566--573},
  year={2000},
  organization={Morgan Kaufmann Publishers Inc.}
}

@article{salimans2013fixed,
  title={Fixed-form variational posterior approximation through stochastic linear regression},
  author={Salimans, Tim and Knowles, David A and others},
  journal={Bayesian Analysis},
  volume={8},
  number={4},
  pages={837--882},
  year={2013},
  publisher={International Society for Bayesian Analysis}
}

@inproceedings{graves2011practical,
  title = {Practical Variational Inference for Neural Networks},
  author = {Graves, Alex},
  booktitle = {Advances in Neural Information Processing Systems 24},
  pages = {2348--2356},
  year = {2011},
  url = {http://papers.nips.cc/paper/4329-practical-variational-inference-for-neural-networks.pdf}
}

@inproceedings{blei2012variational,
  title={Variational Bayesian Inference with Stochastic Search},
  author={Paisley, John W and Blei, David M and Jordan, Michael I},
  booktitle={Proceedings of the 29th International Conference on Machine Learning},
  pages={1367--1374},
  year={2012}
}

@article{ulam1949monte,
  title={The {M}onte {C}arlo method},
  author={Ulam, Stanislaw and Metropolis, Nicholas},
  journal={Journal of the American Statistical Association},
  volume={44},
  number={247},
  pages={335--341},
  year={1949},
  publisher={Taylor \& Francis Group}
}

@inbook{kroese2011variance,
  title = {Variance Reduction},
  author = {Kroese, Dirk P. and Taimre, Thomas and Botev, Zdravko I.},
  publisher = {John Wiley \& Sons, Inc.},
  isbn = {9781118014967},
  url = {http://dx.doi.org/10.1002/9781118014967.ch9},
  doi = {10.1002/9781118014967.ch9},
  pages = {347--380},
  booktitle = {Handbook of {M}onte {C}arlo {M}ethods},
  year = {2011},
}

@article{morokoff1995quasi,
  title={Quasi-{M}onte {C}arlo integration},
  author={Morokoff, William J and Caflisch, Russel E},
  journal={Journal of Computational Physics},
  volume={122},
  number={2},
  pages={218--230},
  year={1995},
  publisher={Elsevier}
}

@book{niederreiter1992random,
  title={Random number generation and quasi-{M}onte {C}arlo methods},
  author={Niederreiter, Harald},
  year={1992},
  publisher={SIAM}
}

@article{marsaglia1968random,
  title={Random numbers fall mainly in the planes},
  author={Marsaglia, George},
  journal={Proceedings of the National Academy of Sciences},
  volume={61},
  number={1},
  pages={25--28},
  year={1968},
  publisher={National Academy Sciences}
}

@article{matsumoto1998mersenne,
  title={Mersenne twister: a 623-dimensionally equidistributed uniform pseudo-random number generator},
  author={Matsumoto, Makoto and Nishimura, Takuji},
  journal={ACM Transactions on Modeling and Computer Simulation (TOMACS)},
  volume={8},
  number={1},
  pages={3--30},
  year={1998},
  publisher={ACM}
}

@article{ieee2008standard,
  title={Standard for Floating-Point Arithmetic},
  author={IEEE Standards Association},
  journal={IEEE 754-2008},
  year={2008}
}

@article{box1958note,
  title={A note on the generation of random normal deviates},
  author={Box, George EP and Muller, Mervin E and others},
  journal={The {A}nnals of {M}athematical {S}tatistics},
  volume={29},
  number={2},
  pages={610--611},
  year={1958},
  publisher={Institute of Mathematical Statistics}
}

@article{marsaglia1964convenient,
  title={A convenient method for generating normal variables},
  author={Marsaglia, George and Bray, Thomas A},
  journal={Siam Review},
  volume={6},
  number={3},
  pages={260--264},
  year={1964},
  publisher={SIAM}
}

@article{marsaglia2000ziggurat,
  title={The Ziggurat Method for Generating Random Variables},
  author={Marsaglia, George and Tsang, Wai Wan and others},
  journal={Journal of Statistical Software},
  volume={5},
  number={i08},
  year={2000},
  publisher={Foundation for Open Access Statistics}
}

@article{olver2013fast,
  title={Fast inverse transform sampling in one and two dimensions},
  author={Olver, Sheehan and Townsend, Alex},
  journal={arXiv preprint arXiv:1307.1223},
  year={2013}
}

@article{vonneumann1951various,
  title={Various techniques used in connection with random digits},
  author={von Neumann, John},
  journal={National Bureau of Standards applied mathematics series},
  volume={3},
  pages={36--38},
  year={1951}
}

@article{kahn1951estimation,
  title={Estimation of particle transmission by random sampling},
  author={Kahn, Herman and Harris, Theodore E},
  journal={National Bureau of Standards applied mathematics series},
  volume={12},
  pages={27--30},
  year={1951}
}

@article{gilks1992adaptive,
  title={Adaptive rejection sampling for Gibbs sampling},
  author={Gilks, Walter R and Wild, Pascal},
  journal={Applied Statistics},
  pages={337--348},
  year={1992},
  publisher={JSTOR}
}

@inbook{owen2013importance,
   author={Owen, Art B.},
   year=2013,
   title={Importance sampling},
   booktitle = {Monte Carlo theory, methods and examples},
   url={http://statweb.stanford.edu/~owen/mc/Ch-var-is.pdf}
}

@article{liu1996metropolized,
  title={Metropolized independent sampling with comparisons to rejection sampling and importance sampling},
  author={Liu, Jun S},
  journal={Statistics and computing},
  volume={6},
  number={2},
  pages={113--119},
  year={1996},
  publisher={Springer}
}

@techreport{kong1992note,
  title={A note on importance sampling using standardized weights},
  author={Kong, Augustine},
  year={1992},
  institution={Department of Statistics, University of Chicago},
  type={Technical Report},
  number={348}
}


@article{tierney1994markov,
  title={Markov chains for exploring posterior distributions},
  author={Tierney, Luke},
  journal={The Annals of Statistics},
  pages={1701--1728},
  year={1994},
  publisher={JSTOR}
}

@book{meyn1993markov,
  title={Markov chains and stochastic stability},
  author={Meyn, Sean P and Tweedie, Richard L},
  year={1993},
  publisher={Springer Science \& Business Media}
}

@inproceedings{harris1956existence,
  title={The existence of stationary measures for certain {M}arkov processes},
  author={Harris, Theodore E},
  booktitle={Proceedings of the Third Berkeley Symposium on Mathematical Statistics and Probability},
  volume={2},
  pages={113--124},
  year={1956}
}

@article{roberts2006harris,
  title={Harris recurrence of {M}etropolis-within-{G}ibbs and trans-dimensional {M}arkov chains},
  author={Roberts, Gareth O and Rosenthal, Jeffrey S},
  journal={The Annals of Applied Probability},
  pages={2123--2139},
  year={2006},
  publisher={JSTOR}
}

@article{birkhoff1931proof,
  title={Proof of the ergodic theorem},
  author={Birkhoff, George D},
  journal={Proceedings of the National Academy of Sciences},
  volume={17},
  number={12},
  pages={656--660},
  year={1931},
  publisher={National Acad Sciences}
}

@article{chan1994discussion,
  title={Discussion: Markov chains for exploring posterior distributions},
  author={Chan, Kung Sik and Geyer, Charles J},
  journal={The Annals of Statistics},
  volume={22},
  number={4},
  pages={1747--1758},
  year={1994},
  publisher={JSTOR}
}

@techreport{geyer1998markov,
  title={Markov chain {M}onte {C}arlo lecture notes (Statistics 8931)},
  institution={University of Minnesota},
  author={Geyer, Charles J},
  year={1998}
}

@article{plummer2006coda,
  title = {CODA: Convergence Diagnosis and Output Analysis for MCMC},
  author = {Martyn Plummer and Nicky Best and Kate Cowles and Karen Vines},
  journal = {R News},
  year = {2006},
  volume = {6},
  number = {1},
  pages = {7--11},
  url = {https://journal.r-project.org/archive/},
}

@article{roberts2004general,
  title={General state space {M}arkov chains and {MCMC} algorithms},
  author={Roberts, Gareth O and Rosenthal, Jeffrey S},
  journal={Probability Surveys},
  volume={1},
  pages={20--71},
  year={2004}
}

@article{thompson2010comparison,
  title={A comparison of methods for computing autocorrelation time},
  author={Thompson, Madeleine B},
  journal={arXiv preprint arXiv:1011.0175},
  year={2010}
}

@article{neal2004improving,
  title={Improving asymptotic variance of {MCMC} estimators: Non-reversible chains are better},
  author={Neal, Radford M},
  journal={arXiv preprint math/0407281},
  year={2004}
}

@article{mira2000non,
  title={On non-reversible {M}arkov chains},
  author={Mira, Antonietta and Geyer, Charles J},
  journal={Monte Carlo Methods, Fields Institute/AMS},
  pages={95--110},
  year={2000}
}

@article{diaconis2000analysis,
  title={Analysis of a nonreversible {M}arkov chain sampler},
  author={Diaconis, Persi and Holmes, Susan and Neal, Radford M},
  journal={Annals of Applied Probability},
  pages={726--752},
  year={2000},
  publisher={JSTOR}
}

@article{bierkens2016non,
  title={Non-reversible {M}etropolis--{H}astings},
  author={Bierkens, Joris},
  journal={Statistics and Computing},
  volume={26},
  number={6},
  pages={1213--1228},
  year={2016},
  publisher={Springer}
}

@inproceedings{lehmer1951mathematical,
  title={Mathematical methods in large-scale computing units},
  author={Lehmer, Derrick H},
  booktitle={Proceedings of a Second Symposium on Large-Scale Digital Calculating Machinery (1949)},
  pages={141--146},
  year={1951}
}

@article{suwa2010markov,
  title={Markov chain Monte Carlo method without detailed balance},
  author={Suwa, Hidemaro and Todo, Synge},
  journal={Physical review letters},
  volume={105},
  number={12},
  pages={120603},
  year={2010},
  publisher={APS}
}

@article{turitsyn2011irreversible,
  title={Irreversible Monte Carlo algorithms for efficient sampling},
  author={Turitsyn, Konstantin S and Chertkov, Michael and Vucelja, Marija},
  journal={Physica D: Nonlinear Phenomena},
  volume={240},
  number={4},
  pages={410--414},
  year={2011},
  publisher={Elsevier}
}

@article{ichiki2013violation,
  title={Violation of detailed balance accelerates relaxation},
  author={Ichiki, Akihisa and Ohzeki, Masayuki},
  journal={Physical Review E},
  volume={88},
  number={2},
  pages={020101},
  year={2013},
  publisher={APS}
}

@inproceedings{sun2010improving,
  title={Improving the asymptotic performance of Markov chain Monte-Carlo by inserting vortices},
  author={Sun, Yi and Schmidhuber, J{\"u}rgen and Gomez, Faustino J},
  booktitle={Advances in Neural Information Processing Systems},
  pages={2235--2243},
  year={2010}
}

@phdthesis{murray2007advances,
  title={Advances in Markov chain Monte Carlo methods},
  author={Murray, Iain},
  year={2007},
  school={University College London, University of London}
}

@article{green1995reversible,
  title={Reversible jump {M}arkov chain {M}onte {C}arlo computation and Bayesian model determination},
  author={Green, Peter J},
  journal={Biometrika},
  pages={711--732},
  year={1995},
  publisher={JSTOR}
}

@article{peskun1973optimum,
  title={Optimum {M}onte-{C}arlo sampling using {M}arkov chains},
  author={Peskun, Peter H},
  journal={Biometrika},
  volume={60},
  number={3},
  pages={607--612},
  year={1973},
  publisher={Biometrika Trust}
}

@unpublished{geyer2003metropolis,
  title={The Metropolis-Hastings-Green Algorithm},
  author={Geyer, Charles J},
  year={2003},
  url={http://www.stat.umn.edu/geyer/f05/8931/bmhg.pdf}
}

@article{roberts1996geometric,
  title={Geometric convergence and central limit theorems for multidimensional {H}astings and {M}etropolis algorithms},
  author={Roberts, Gareth O and Tweedie, Richard L},
  journal={Biometrika},
  pages={95--110},
  year={1996},
  publisher={JSTOR}
}

@article{mengersen1996rates,
  title={Rates of convergence of the {H}astings and {M}etropolis algorithms},
  author={Mengersen, Kerrie L and Tweedie, Richard L},
  journal={The annals of Statistics},
  volume={24},
  number={1},
  pages={101--121},
  year={1996},
  publisher={Institute of Mathematical Statistics}
}

@article{roberts2001optimal,
  title={Optimal scaling for various {M}etropolis-{H}astings algorithms},
  author={Roberts, Gareth O and Rosenthal, Jeffrey S},
  journal={Statistical science},
  volume={16},
  number={4},
  pages={351--367},
  year={2001},
  publisher={Institute of Mathematical Statistics}
}

@article{gelman1997weak,
  title={Weak convergence and optimal scaling of random walk {M}etropolis algorithms},
  author={Gelman, Andrew and Gilks, Walter R and Roberts, Gareth O},
  journal={The annals of applied probability},
  volume={7},
  number={1},
  pages={110--120},
  year={1997},
  publisher={Institute of Mathematical Statistics}
}

@article{barp2017geometry,
  title={Geometry and Dynamics for {M}arkov Chain {M}onte {C}arlo},
  author={Barp, Alessandro and Briol, Francois-Xavier and Kennedy, Anthony D and Girolami, Mark},
  journal={arXiv preprint arXiv:1705.02891},
  year={2017}
}

@article{betancourt2017conceptual,
  title={A Conceptual Introduction to {H}amiltonian {M}onte {C}arlo},
  author={Betancourt, Michael},
  journal={arXiv preprint arXiv:1701.02434},
  year={2017}
}

@article{rosenthal2011optimal,
  title={Optimal proposal distributions and adaptive {MCMC}},
  author={Rosenthal, Jeffrey S and others},
  journal={Handbook of Markov Chain Monte Carlo},
  pages={93--112},
  year={2011},
  publisher={CRC Press, Boca Raton, FL}
}

@article{haario2001adaptive,
  title={An adaptive {M}etropolis algorithm},
  author={Haario, Heikki and Saksman, Eero and Tamminen, Johanna},
  journal={Bernoulli},
  pages={223--242},
  year={2001},
  publisher={JSTOR}
}

@article{chan1993asymptotic,
  title={Asymptotic behavior of the {G}ibbs sampler},
  author={Chan, KS},
  journal={Journal of the American Statistical Association},
  volume={88},
  number={421},
  pages={320--326},
  year={1993},
  publisher={Taylor \& Francis Group}
}

@article{roberts1994simple,
  title={Simple conditions for the convergence of the {G}ibbs sampler and {M}etropolis-{H}astings algorithms},
  author={Roberts, Gareth O and Smith, Adrian FM},
  journal={Stochastic processes and their applications},
  volume={49},
  number={2},
  pages={207--216},
  year={1994},
  publisher={Elsevier}
}

@inproceedings{he2016scan,
  title={Scan Order in {G}ibbs Sampling: Models in Which it Matters and Bounds on How Much},
  author={He, Bryan D and De Sa, Christopher M and Mitliagkas, Ioannis and R{\'e}, Christopher},
  booktitle={Advances in Neural Information Processing Systems},
  pages={1--9},
  year={2016}
}
@article{gilks1994language,
  title={A language and program for complex Bayesian modelling},
  author={Gilks, Wally R and Thomas, Andrew and Spiegelhalter, David J},
  journal={The Statistician},
  pages={169--177},
  year={1994},
  publisher={JSTOR}
}

@inproceedings{plummer2003jags,
  title={JAGS: A program for analysis of Bayesian graphical models using Gibbs sampling},
  author={Plummer, Martyn and others},
  booktitle={Proceedings of the 3rd international workshop on distributed statistical computing},
  volume={124},
  pages={125},
  year={2003},
  organization={Vienna}
}

@techreport{raftery1991many,
  title={How many iterations in the Gibbs sampler?},
  author={Raftery, Adrian E and Lewis, Steven},
  year={1991},
  institution={Washington University, Seattle, Department of Statistics}
}

@techreport{neal1997markov,
  title={Markov chain {M}onte {C}arlo methods based on `slicing' the density function},
  author={Neal, Radford M},
  institution={Department of Statistics, University of Toronto},
  number={9722},
  year={1997}
}

@article{chen1998toward,
  title={Toward black-box sampling: A random-direction interior-point {M}arkov chain approach},
  author={Chen, Ming-Hui and Schmeiser, Bruce},
  journal={Journal of Computational and Graphical Statistics},
  volume={7},
  number={1},
  pages={1--22},
  year={1998},
  publisher={Taylor \& Francis Group}
}

@article{roberts1999convergence,
  title={Convergence of slice sampler {M}arkov chains},
  author={Roberts, Gareth O and Rosenthal, Jeffrey S},
  journal={Journal of the Royal Statistical Society: Series B (Statistical Methodology)},
  volume={61},
  number={3},
  pages={643--660},
  year={1999},
  publisher={Wiley Online Library}
}

@article{murray2010elliptical,
  title={Elliptical slice sampling},
  author={Iain Murray and Ryan Prescott Adams and David J.C. MacKay},
  booktitle={The Proceedings of the 13th International Conference on Artificial Intelligence and Statistics},
  series={JMLR: W\&CP},
  volume={9},
  pages={541--548},
  year={2010}
}

@article{mira2002efficiency,
  title={Efficiency and convergence properties of slice samplers},
  author={Mira, Antonietta and Tierney, Luke},
  journal={Scandinavian Journal of Statistics},
  volume={29},
  number={1},
  pages={1--12},
  year={2002},
  publisher={Wiley Online Library}
}

@article{damien1999gibbs,
  title={Gibbs sampling for {B}ayesian non-conjugate and hierarchical models by using auxiliary variables},
  author={Damien, P and Wakefield, John and Walker, Stephen},
  journal={Journal of the Royal Statistical Society: Series B (Statistical Methodology)},
  volume={61},
  number={2},
  pages={331--344},
  year={1999},
  publisher={Wiley Online Library}
}
@inproceedings{murray2016pseudo,
  title={Pseudo-marginal slice sampling},
  author={Murray, Iain and Graham, Matthew},
  booktitle={Proceedings of the 19th International Conference on Artificial Intelligence and Statistics},
  pages={911--919},
  year={2016}
}

@inproceedings{bernardo2003non,
  title={Non-centered parameterisations for hierarchical models and data augmentation},
  author={Bernardo, JM and Bayarri, MJ and Berger, JO and Dawid, AP and Heckerman, D and Smith, AFM and West, M},
  booktitle={Bayesian Statistics 7: Proceedings of the Seventh Valencia International Meeting},
  volume={307},
  year={2003},
  organization={Oxford University Press, USA}
}

@article{hascoet2013tapenade,
  author = {Hasco{\"e}t, L. and Pascual, V.},
  title = {The {T}apenade {A}utomatic {D}ifferentiation tool: {P}rinciples, {M}odel, and {S}pecification},
  journal = "{ACM} {T}ransactions {O}n {M}athematical {S}oftware",
  volume = 39,
  number = 3,
  URL = "http://dx.doi.org/10.1145/2450153.2450158",
  year=2013
}
@article{girolami2011riemann,
  title={Riemann-manifold {L}angevin and {H}amiltonian {M}onte {C}arlo methods},
  author={Girolami, Mark and Calderhead, Ben},
  journal={Journal of the Royal Statistical Society: Series B (Statistical Methodology)},
  volume={73},
  number={2},
  pages={123--214},
  year={2011},
  publisher={Wiley Online Library}
}