@unpublished{goodfellow2016deep,
    title={Deep Learning},
    author={Goodfellow, Ian and Bengio, Yoshua and Courville, Aaron},
    note={Book in preparation for MIT Press},
    url={http://www.deeplearningbook.org},
    year={2016}
}

@inproceedings{kingma2013auto,
  title={Auto-encoding variational {B}ayes},
  author={Kingma, Diederik P and Welling, Max},
  booktitle={Proceedings of the International Conference on Learning Representations},
  year={2014}
}

@inproceedings{rezende2014stochastic,
  title={Stochastic Backpropagation and Approximate Inference in Deep Generative Models},
  author={Rezende, Danilo Jimenez and Mohamed, Shakir and Wierstra, Daan},
  booktitle={Proceedings of The 31st International Conference on Machine Learning},
  year={2014}
}

@inproceedings{goodfellow2014generative,
  title={Generative adversarial nets},
  author={Goodfellow, Ian and Pouget-Abadie, Jean and Mirza, Mehdi and Xu, Bing and Warde-Farley, David and Ozair, Sherjil and Courville, Aaron and Bengio, Yoshua},
  booktitle={Advances in Neural Information Processing Systems},
  year={2014}
}

@article{dinh2014nice,
  title={{NICE}: non-linear independent components estimation},
  author={Dinh, Laurent and Krueger, David and Bengio, Yoshua},
  journal={arXiv preprint arXiv:1410.8516},
  year={2014}
}


@misc{bastien2012theano,
        author = {Bastien, Fr{\'{e}}d{\'{e}}ric and Lamblin, Pascal and Pascanu, Razvan and Bergstra, James and Goodfellow, Ian J. and Bergeron, Arnaud and Bouchard, Nicolas and Bengio, Yoshua},
         title = {Theano: new features and speed improvements},
          year = {2012},
  howpublished = {Deep Learning and Unsupervised Feature Learning NIPS 2012 Workshop},
}


@inproceedings{bergstra2010theano,
     author = {Bergstra, James and Breuleux, Olivier and Bastien, Fr{\'{e}}d{\'{e}}ric and Lamblin, Pascal and Pascanu, Razvan and Desjardins, Guillaume and Turian, Joseph and Warde-Farley, David and Bengio, Yoshua},
      title = {Theano: a {CPU} and {GPU} Math Expression Compiler},
  booktitle = {Proceedings of the Python for Scientific Computing Conference ({SciPy})},
       year = {2010},
}

@inproceedings{brubaker2012family,
  title={A Family of {MCMC} Methods on Implicitly Defined Manifolds.},
  author={Brubaker, Marcus A and Salzmann, Mathieu and Urtasun, Raquel},
  booktitle={International Conference on Artificial Intelligence and Statistics},
  year={2012}
}

@article{lelievre2012langevin,
  title={Langevin dynamics with constraints and computation of free energy differences},
  author={Leli{\`e}vre, Tony and Rousset, Mathias and Stoltz, Gabriel},
  journal={Mathematics of computation},
  year={2012}
}

@article{hartmann2008ergodic,
  title={An ergodic sampling scheme for constrained {H}amiltonian systems with applications to molecular dynamics},
  author={Hartmann, Carsten},
  journal={Journal of Statistical Physics},
  year={2008},
  publisher={Springer}
}

@book{leimkuhler2004simulating,
  title={Simulating {H}amiltonian dynamics},
  author={Leimkuhler, Benedict and Reich, Sebastian},
  year={2004},
  publisher={Cambridge University Press}
}

@article{robert2010model,
  title={Model choice versus model criticism},
  author={Robert, Christian P and Mengersen, Kerrie and Chen, Carla},
  journal={Proceedings of the National Academy of Sciences of the United States of America},
  year={2010},
  publisher={National Acad Sciences}
}

@article{csillery2010approximate,
  title={Approximate {B}ayesian computation ({ABC}) in practice},
  author={Csill{\'e}ry, Katalin and Blum, Michael GB and Gaggiotti, Oscar E and Fran{\c{c}}ois, Olivier},
  journal={Trends in ecology \& evolution},
  year={2010},
  publisher={Elsevier}
}

@article{ratmann2009model,
  title={Model criticism based on likelihood-free inference, with an application to protein network evolution},
  author={Ratmann, Oliver and Andrieu, Christophe and Wiuf, Carsten and Richardson, Sylvia},
  journal={Proceedings of the National Academy of Sciences},
  year={2009},
  publisher={National Acad Sciences}
}

@article{andrieu2009pseudo,
  title={The pseudo-marginal approach for efficient {M}onte {C}arlo computations},
  author={Andrieu, Christophe and Roberts, Gareth O},
  journal={The Annals of Statistics},
  year={2009},
  publisher={JSTOR}
}

@article{beaumont2002approximate,
  title={Approximate {B}ayesian computation in population genetics},
  author={Beaumont, Mark A and Zhang, Wenyang and Balding, David J},
  journal={Genetics},
  year={2002},
  publisher={Genetics Soc America}
}

@article{marin2012approximate,
  title={Approximate {B}ayesian computational methods},
  author={Marin, Jean-Michel and Pudlo, Pierre and Robert, Christian P and Ryder, Robin J},
  journal={Statistics and Computing},
  year={2012},
  publisher={Springer}
}

@article{marjoram2003markov,
  title={Markov chain {M}onte {C}arlo without likelihoods},
  author={Marjoram, Paul and Molitor, John and Plagnol, Vincent and Tavar{\'e}, Simon},
  journal={Proceedings of the National Academy of Sciences},
  year={2003},
  publisher={National Acad Sciences}
}

@article{makhzani2015adversarial,
  title={Adversarial Autoencoders},
  author={Makhzani, Alireza and Shlens, Jonathon and Jaitly, Navdeep and Goodfellow, Ian},
  journal={arXiv preprint arXiv:1511.05644},
  year={2015}
}

@article{deligiannidis2015correlated,
  title={The Correlated Pseudo-Marginal Method},
  author={Deligiannidis, George and Doucet, Arnaud and Pitt, Michael K and Kohn, Robert},
  journal={arXiv preprint arXiv:1511.04992},
  year={2015}
}


@article{dahlin2015accelerating,
  title={Accelerating pseudo-marginal {M}etropolis-{H}astings by correlating auxiliary variables},
  author={Dahlin, Johan and Lindsten, Fredrik and Kronander, Joel and Sch{\"o}n, Thomas B},
  journal={arXiv preprint arXiv:1511.05483},
  year={2015}
}

@inproceedings{murray2015pseudo,
  title={Pseudo-Marginal Slice Sampling},
  author={Murray, Iain and Graham, Matthew M},
  booktitle={International Conference on Artificial Intelligence and Statistics},
  year={2016}
}

@article{neal2003slice,
  title={Slice sampling},
  author={Neal, Radford M},
  journal={Annals of statistics},
  year={2003},
  publisher={JSTOR}
}

@inproceedings{murray2010slice,
  title={Slice sampling covariance hyperparameters of latent {G}aussian models},
  author={Murray, Iain and Adams, Ryan P},
  booktitle={Advances in Neural Information Processing Systems},
  year={2010}
}

@article{theano2016theano,
   author = {{Theano development team}},
    title = "{Theano: A {Python} framework for fast computation of mathematical expressions}",
  journal = {arXiv e-prints},
   volume = {abs/1605.02688},
     year = {2016},
      url = {http://arxiv.org/abs/1605.02688},
}

@misc{tensorflow2015whitepaper,
  title={ {TensorFlow}: Large-Scale Machine Learning on Heterogeneous Systems},
  url={http://tensorflow.org/},
  note={Software available from tensorflow.org},
  author={TensorFlow development team},
  year={2015},
}

@inproceedings{maclaurin2015autograd,
  title={Autograd: Reverse-mode differentiation of native {Python}},
  author={Maclaurin, Dougal and Duvenaud, David and Adams, Ryan P},
  booktitle={ICML workshop on Automatic Machine Learning},
  year={2015},
  note={GitHub repository: \url{https://github.com/HIPS/autograd}}
}

@misc{pytorch2017pytorch,
  author = {{PyTorch} development team},
  title = {{PyTorch}: Tensors and Dynamic neural networks in {P}ython with strong {GPU} acceleration},
  year = {2017},
  publisher = {GitHub},
  journal = {GitHub repository},
  howpublished = {\url{https://github.com/pytorch/pytorch}},
}

@article{carpenter2015stan,
  title={{T}he {S}tan {M}ath {L}ibrary: Reverse-Mode Automatic Differentiation in {C++}},
  author={Carpenter, Bob and Hoffman, Matthew D and Brubaker, Marcus and Lee, Daniel and Li, Peter and Betancourt, Michael},
  journal={arXiv preprint arXiv:1509.07164},
  year={2015}
}

@incollection{betancourt2013general,
  title={A general metric for {R}iemannian manifold {H}amiltonian {M}onte {C}arlo},
  author={Betancourt, Michael},
  booktitle={Geometric science of information},
  year={2013},
  publisher={Springer}
}
       
@inbook{powell1970hybrid,
  author = {Powell, M. J. D.},
  title = {Numerical Methods for Nonlinear Algebraic Equations},
  chapter = {A Hybrid Method for Nonlinear Equations},
  publisher = {Gordon and Breach},
  year = {1970},
}

@inproceedings{welling2011bayesian,
  title={Bayesian learning via stochastic gradient {L}angevin dynamics},
  author={Welling, Max and Teh, Yee W},
  booktitle={Proceedings of the 28th International Conference on Machine Learning},
  year={2011}
}

@inproceedings{chen2014stochastic,
  title={Stochastic Gradient {H}amiltonian {M}onte {C}arlo},
  author={Chen, Tianqi and Fox, Emily and Guestrin, Carlos},
  booktitle={Proceedings of the 31st International Conference on Machine Learning},
  year={2014}
}

@inproceedings{ding2014bayesian,
  title={Bayesian sampling using stochastic gradient thermostats},
  author={Ding, Nan and Fang, Youhan and Babbush, Ryan and Chen, Changyou and Skeel, Robert D and Neven, Hartmut},
  booktitle={Advances in Neural Information Processing Systems},
  year={2014}
}

@inproceedings{betancourt2015fundamental,
  title={The fundamental incompatibility of scalable {H}amiltonian {M}onte {C}arlo and naive data subsampling},
  author={Betancourt, Michael},
  booktitle={Proceedings of the 32nd International Conference on Machine Learning},
  year={2015}
}

@inproceedings{meeds2015optimization,
  title={Optimization {M}onte {C}arlo: Efficient and Embarrassingly Parallel Likelihood-Free Inference},
  author={Meeds, Ted and Welling, Max},
  booktitle={Advances in Neural Information Processing Systems},
  year={2015}
}

@inproceedings{meeds2015hamiltonian,
  title={Hamiltonian {ABC}},
  author={Meeds, Edward and Leenders, Robert and Welling, Max},
  booktitle={Proceedings of 31st Conference of Uncertainty in Artificial Intelligence},
  year={2015}
}

@inproceedings{uria2014deep,
  title={A Deep and Tractable Density Estimator},
  author={Uria, Benigno and Murray, Iain and Larochelle, Hugo},
  booktitle={Proceedings of The 31st International Conference on Machine Learning},
  year={2014}
}

@manual{more1980user,
    author = {Mor\'{e}, J. J. and Garbow, B. S. and Hillstrom, K. E.},
    organization = {ANL-80-74, Argonne National Laboratory},
    title = {{User Guide for MINPACK-1}},
    year = {1980}
}

@inbook{neal2011mcmc,
  title={{MCMC} using {H}amiltonian dynamics},
  author={Neal, Radford M},
  booktitle={Handbook of Markov Chain Monte Carlo},
  chapter={5},
  publisher={Chapman \& Hall/CRC},
  year={2011},
  pages={113-162}
}

@article{duane1987hybrid,
  title={Hybrid {M}onte {C}arlo},
  author={Duane, Simon and Kennedy, Anthony D and Pendleton, Brian J and Roweth, Duncan},
  journal={Physics letters B},
  year={1987},
  publisher={Elsevier}
}

@article{ryckaert1977numerical,
  title={Numerical integration of the {C}artesian equations of motion of a system with constraints: molecular dynamics of n-alkanes},
  author={Ryckaert, Jean-Paul and Ciccotti, Giovanni and Berendsen, Herman JC},
  journal={Journal of Computational Physics},
  year={1977},
  publisher={Elsevier}
}

@article{andersen1983rattle,
  title={{RATTLE}: A velocity version of the {SHAKE} algorithm for molecular dynamics calculations},
  author={Andersen, Hans C},
  journal={Journal of Computational Physics},
  year={1983},
  publisher={Elsevier}
}

@article{leimkuhler1994symplectic,
  title={Symplectic numerical integrators in constrained {H}amiltonian systems},
  author={Leimkuhler, Benedict J and Skeel, Robert D},
  journal={Journal of Computational Physics},
  year={1994},
  publisher={Elsevier}
}

@inproceedings{akhter2015pose,
  title = {Pose-Conditioned Joint Angle Limits for {3D} Human Pose Reconstruction},
  author = {Akhter, Ijaz and Black, Michael J.},
  booktitle = { IEEE Conference on Computer Vision and Pattern Recognition},
  year = {2015}
}

@techreport{gordon1988ansur,
  author = {Gordon, Claire C. and Churchill, Thomas and Clauser, Charles E. and Bradtmiller, Bruce and McConville, John T. and Tebbets, Ilse and Walker, Robert A.},
  title = {Anthropometric Survey of {US} Army Personell: Final Report},
  institution = {United States Army},
  year = {1988},
}

@inproceedings{maclaurin2015gradient,
  title={Gradient-based Hyperparameter Optimization through Reversible Learning},
  author={Maclaurin, Dougal and Duvenaud, David and Adams, Ryan},
  booktitle={Proceedings of the 32nd International Conference on Machine Learning},
  year={2015}
}

@article{plummer2006coda,
  title = {{CODA}: Convergence Diagnosis and Output Analysis for {MCMC}},
  author = {Martyn Plummer and Nicky Best and Kate Cowles and Karen
      Vines},
  journal = {R News},
  year = {2006},
  url = {http://CRAN.R-project.org/doc/Rnews/},
  pdf = {http://CRAN.R-project.org/doc/Rnews/Rnews_2006-1.pdf},
}

@article{murray2016differentiation,
  title={Differentiation of the {C}holesky decomposition},
  author={Murray, Iain},
  journal={arXiv preprint arXiv:1602.07527},
  year={2016}
}

@incollection{diaconis2013sampling,
  title={Sampling from a manifold},
  author={Diaconis, Persi and Holmes, Susan and Shahshahani, Mehrdad},
  booktitle={Advances in Modern Statistical Theory and Applications},
  pages={102--125},
  year={2013},
  publisher={Institute of Mathematical Statistics}
}

@book{federer2014geometric,
  title={Geometric measure theory},
  author={Federer, Herbert},
  year={2014},
  publisher={Springer}
}

@inproceedings{leimkuhler2016efficient,
  title={Efficient molecular dynamics using geodesic integration and solvent--solute splitting},
  author={Leimkuhler, Benedict and Matthews, Charles},
  booktitle={Proc. R. Soc. A},
  year={2016},
  organization={The Royal Society}
}

@article{byrne2013geodesic,
  title={Geodesic {M}onte {C}arlo on embedded manifolds},
  author={Byrne, Simon and Girolami, Mark},
  journal={Scandinavian Journal of Statistics},
  year={2013},
  publisher={Wiley Online Library}
}

@article{barth1995algorithms,
  title={Algorithms for constrained molecular dynamics},
  author={Barth, Eric and Kuczera, Krzysztof and Leimkuhler, Benedict and Skeel, Robert D},
  journal={Journal of computational chemistry},
  year={1995},
  publisher={Wiley Online Library}
}

@article{wilkinson2013approximate,
  title={Approximate {B}ayesian computation ({ABC}) gives exact results under the assumption of model error},
  author={Wilkinson, Richard David},
  journal={Statistical applications in genetics and molecular biology},
  year={2013}
}

@article{hartmann2005constrained,
  title={A constrained hybrid {M}onte-{C}arlo algorithm and the problem of calculating the free energy in several variables},
  author={Hartmann, Carsten and Schutte, Christof},
  journal={ZAMM-Zeitschrift fur Angewandte Mathematik und Mechanik},
  year={2005},
}

@inproceedings{schulman2015gradient,
  title={Gradient estimation using stochastic computation graphs},
  author={Schulman, John and Heess, Nicolas and Weber, Theophane and Abbeel, Pieter},
  booktitle={Advances in Neural Information Processing Systems},
  year={2015}
}

@article{diggle1984monte,
  title={Monte Carlo methods of inference for implicit statistical models},
  author={Diggle, Peter J and Gratton, Richard J},
  journal={Journal of the Royal Statistical Society. Series B (Methodological)},
  pages={193--227},
  year={1984},
  publisher={JSTOR}
}

@inproceedings{mohamed2016learning,
  title={Learning in Implicit Generative Models},
  author={Mohamed, Shakir and Lakshminarayanan, Balaji},
  booktitle={Proceedings of the International Conference on Learning Representations},
  year={2017}
}

@article{gourieroux1993indirect,
  title={Indirect inference},
  author={Gourieroux, Christian and Monfort, Alain and Renault, Eric},
  journal={Journal of applied econometrics},
  volume={8},
  number={S1},
  pages={S85--S118},
  year={1993},
  publisher={Wiley Online Library}
}

@article{tran2017deep,
  title={Deep and Hierarchical Implicit Models},
  author={Tran, Dustin and Ranganath, Rajesh and Blei, David M},
  journal={arXiv preprint arXiv:1702.08896},
  year={2017}
}

@book{kindermann1980markov,
  title={Markov random fields and their applications},
  author={Kindermann, Ross and Snell, Laurie},
  year={1980},
  publisher={American Mathematical Society}
}

@inproceedings{frey2002extending,
  title={Extending factor graphs so as to unify directed and undirected graphical models},
  author={Frey, Brendan J},
  booktitle={Proceedings of the Nineteenth conference on Uncertainty in Artificial Intelligence},
  pages={257--264},
  year={2002},
  organization={Morgan Kaufmann Publishers Inc.},
  url={https://arxiv.org/abs/1212.2486}
}


@article{gelman2015stan,
  title={Stan: A probabilistic programming language for Bayesian inference and optimization.},
  author={Gelman, Andrew and Lee, Daniel and Guo, Jiqiang},
  journal={Journal of Educational and Behavioral Statistics},
  volume={40},
  number={5},
  pages={530--543},
  year={2015},
  publisher={American Educational Research Association}
}

@inproceedings{naesseth2017reparameterization,
  title={Reparameterization Gradients through Acceptance-Rejection Sampling Algorithms},
  author={Naesseth, Christian and Ruiz, Francisco and Linderman, Scott and Blei, David},
  booktitle={Proceedings of the 20th International Conference on Artificial Intelligence and Statistics},
  pages={489--498},
  year={2017}
}

@article{salvatier2016probabilistic,
  title={Probabilistic programming in {Python} using {PyMC3}},
  author={Salvatier, John and Wiecki, Thomas V and Fonnesbeck, Christopher},
  journal={PeerJ Computer Science},
  year={2016},
}

@article{bonnet1964transformations,
  title={Transformations des signaux al{\'e}atoires a travers les systemes non lin{\'e}aires sans m{\'e}moire},
  author={Bonnet, Georges},
  journal={Annals of Telecommunications},
  volume={19},
  number={9},
  pages={203--220},
  year={1964},
  publisher={Springer}
}

@inproceedings{ruiz2016generalized,
  title={The generalized reparameterization gradient},
  author={Ruiz, Francisco JR and Titsias, Michalis K and Blei, David M},
  booktitle={Advances in Neural Information Processing Systems},
  pages={460--468},
  year={2016}
}

@article{price1958useful,
  title={A useful theorem for nonlinear devices having {G}aussian inputs},
  author={Price, Robert},
  journal={IRE Transactions on Information Theory},
  volume={4},
  number={2},
  pages={69--72},
  year={1958},
  publisher={IEEE}
}

@book{pearl1988probabilistic,
  title={Probabilistic reasoning in intelligent systems: Networks of plausible inference.},
  author={Pearl, Judea},
  year={1988},
  publisher={Morgan Kaufmann}
}

@book{mackay2003information,
  title={Information theory, inference and learning algorithms},
  author={MacKay, David JC},
  year={2003},
  publisher={Cambridge University Press}
}

@article{baydin2015automatic,
  title={Automatic differentiation in machine learning: a survey},
  author={Baydin, Atilim Gunes and Pearlmutter, Barak A and Radul, Alexey Andreyevich and Siskind, Jeffrey Mark},
  journal={arXiv preprint arXiv:1502.05767},
  year={2015}
}

@inproceedings{papaspiliopoulos2003non,
  title={Non-centered parameterisations for hierarchical models and data augmentation},
  author={Papaspiliopoulos, Omiros and Roberts, Gareth O and Sk{\"o}ld, Martin},
  booktitle={Bayesian Statistics 7: Proceedings of the Seventh Valencia International Meeting},
  volume={307},
  year={2003},
  organization={Oxford University Press, USA}
}

@article{betancourt2015hamiltonian,
  title={Hamiltonian {M}onte {C}arlo for hierarchical models},
  author={Betancourt, Michael and Girolami, Mark},
  journal={Current trends in Bayesian methodology with applications},
  volume={79},
  pages={30},
  year={2015},
  publisher={Chapman and Hall/CRC}
}

@article{papaspiliopoulos2007general,
  title={A general framework for the parametrization of hierarchical models},
  author={Papaspiliopoulos, Omiros and Roberts, Gareth O and Sk{\"o}ld, Martin},
  journal={Statistical Science},
  pages={59--73},
  year={2007},
  publisher={JSTOR}
}

@article{hascoet2013tapenade,
  author = {Hasco{\"e}t, L. and Pascual, V.},
  title = {The {T}apenade {A}utomatic {D}ifferentiation tool: {P}rinciples, {M}odel, and {S}pecification},
  journal = "{ACM} {T}ransactions {O}n {M}athematical {S}oftware",
  volume = 39,
  number = 3,
  URL = "http://dx.doi.org/10.1145/2450153.2450158",
  year=2013
}

@article{weiss1998inference,
  title={Inference of population history using a likelihood approach},
  author={Weiss, Gunter and von Haeseler, Arndt},
  journal={Genetics},
  volume={149},
  number={3},
  pages={1539--1546},
  year={1998},
  publisher={Genetics Soc America}
}

@article{fu1997estimating,
  title={Estimating the age of the common ancestor of a sample of {DNA} sequences.},
  author={Fu, Yun-Xin and Li, Wen-Hsiung},
  journal={Molecular biology and evolution},
  volume={14},
  number={2},
  pages={195--199},
  year={1997},
  publisher={SMBE}
}

@article{rubin1984bayesianly,
  title={Bayesianly justifiable and relevant frequency calculations for the applied statistician},
  author={Rubin, Donald B and others},
  journal={The Annals of Statistics},
  volume={12},
  number={4},
  pages={1151--1172},
  year={1984},
  publisher={Institute of Mathematical Statistics}
}

@article{pritchard1999population,
  title={Population growth of human {Y} chromosomes: a study of {Y} chromosome microsatellites.},
  author={Pritchard, Jonathan K and Seielstad, Mark T and Perez-Lezaun, Anna and Feldman, Marcus W},
  journal={Molecular biology and evolution},
  volume={16},
  number={12},
  pages={1791--1798},
  year={1999},
  publisher={SMBE}
}

@article{tavare1997inferring,
  title={Inferring coalescence times from {DNA} sequence data},
  author={Tavar{\'e}, Simon and Balding, David J and Griffiths, Robert C and Donnelly, Peter},
  journal={Genetics},
  volume={145},
  number={2},
  pages={505--518},
  year={1997},
  publisher={Genetics Soc America}
}

@article{blum2010approximate,
  title={Approximate {B}ayesian computation: a nonparametric perspective},
  author={Blum, Michael GB},
  journal={Journal of the American Statistical Association},
  volume={105},
  number={491},
  pages={1178--1187},
  year={2010},
  publisher={Taylor \& Francis}
}

@article{prangle2015summary,
  title={Summary statistics in approximate {B}ayesian computation},
  author={Prangle, Dennis},
  journal={arXiv preprint arXiv:1512.05633},
  year={2015}
}

@article{blum2013comparative,
  title={A comparative review of dimension reduction methods in approximate {B}ayesian computation},
  author={Blum, Michael GB and Nunes, Maria Antonieta and Prangle, Dennis and Sisson, Scott A and others},
  journal={Statistical Science},
  volume={28},
  number={2},
  pages={189--208},
  year={2013},
  publisher={Institute of Mathematical Statistics}
}

@inbook{sisson2011likelihood,
  title={Likelihood-free MCMC},
  author={Sisson, Scott A and Fan, Yanan},
  year={2011},
  booktitle={Handbook of Markov Chain Monte Carlo},
  chapter={12},
  publisher={Chapman \& Hall/CRC},
  pages={313--333}
}

@article{beaumont2003estimation,
  title={Estimation of population growth or decline in genetically monitored populations},
  author={Beaumont, Mark A},
  journal={Genetics},
  volume={164},
  number={3},
  pages={1139--1160},
  year={2003},
  publisher={Genetics Soc America}
}

@article{barthelme2014expectation,
  title={Expectation propagation for likelihood-free inference},
  author={Barthelm{\'e}, Simon and Chopin, Nicolas},
  journal={Journal of the American Statistical Association},
  volume={109},
  number={505},
  pages={315--333},
  year={2014},
  publisher={Taylor \& Francis}
}

@article{tran2017variational,
  title={Variational Bayes with intractable likelihood},
  author={Tran, Minh-Ngoc and Nott, David J and Kohn, Robert},
  journal={Journal of Computational and Graphical Statistics},	
  year={2017},
  publisher={Taylor \& Francis}
}

@article{sisson2007sequential,
  title={Sequential {M}onte {C}arlo without likelihoods},
  author={Sisson, Scott A and Fan, Yanan and Tanaka, Mark M},
  journal={Proceedings of the National Academy of Sciences},
  volume={104},
  number={6},
  pages={1760--1765},
  year={2007},
  publisher={National Acad Sciences}
}

@article{beaumont2009adaptive,
  title={Adaptive approximate {B}ayesian computation},
  author={Beaumont, Mark A and Cornuet, Jean-Marie and Marin, Jean-Michel and Robert, Christian P},
  journal={Biometrika},
  volume={96},
  number={4},
  pages={983--990},
  year={2009},
  publisher={Biometrika Trust}
}

@article{del2012adaptive,
  title={An adaptive sequential Monte Carlo method for approximate Bayesian computation},
  author={Del Moral, Pierre and Doucet, Arnaud and Jasra, Ajay},
  journal={Statistics and Computing},
  volume={22},
  number={5},
  pages={1009--1020},
  year={2012},
  publisher={Springer}
}

@article{toni2009approximate,
  title={Approximate Bayesian computation scheme for parameter inference and model selection in dynamical systems},
  author={Toni, Tina and Welch, David and Strelkowa, Natalja and Ipsen, Andreas and Stumpf, Michael P.H.},
  journal={Journal of the Royal Society Interface},
  volume={6},
  number={31},
  pages={187--202},
  year={2009},
  publisher={The Royal Society}
}

@article{zappa2017monte,
  title={Monte {C}arlo on manifolds: sampling densities and integrating functions},
  author={Zappa, Emilio and Holmes-Cerfon, Miranda and Goodman, Jonathan},
  journal={arXiv preprint arXiv:1702.08446},
  year={2017}
}

@article{christensen2008devil,
  title={The devil is in the detail: hints for practical optimisation},
  author={Christensen, TM and Hurn, AS and Lindsay, KA},
  journal={Economic Analysis and Policy},
  volume={38},
  number={2},
  pages={345--368},
  year={2008},
  publisher={Elsevier}
}

@article{hoffman2014no,
  title={The {N}o-{U}-turn sampler: adaptively setting path lengths in {H}amiltonian {M}onte {C}arlo.},
  author={Hoffman, Matthew D and Gelman, Andrew},
  journal={Journal of Machine Learning Research},
  year={2014}
}

@article{girolami2011riemann,
  title={Riemann-manifold {L}angevin and {H}amiltonian {M}onte {C}arlo methods},
  author={Girolami, Mark and Calderhead, Ben},
  journal={Journal of the Royal Statistical Society: Series B (Statistical Methodology)},
  volume={73},
  number={2},
  pages={123--214},
  year={2011},
  publisher={Wiley Online Library}
}